
@book{lamport1994,
  author    = {Leslie Lamport},
  title     = {LaTeX - {A} Document Preparation System: User's Guide and Reference
               Manual, Second Edition},
  publisher = {Pearson / Prentice Hall},
  year      = {1994},
  isbn      = {978-0-201-52983-8},
  timestamp = {Fri, 08 Apr 2011 01:00:00 +0200},
  biburl    = {https://dblp.org/rec/books/daglib/0023602.bib},
  bibsource = {dblp computer science bibliography, https://dblp.org}
}

@book{tapl,
    author = {Pierce, B.C} ,
    title = {Types and programming languages.},
    publisher = {MIT Press},
    year = {(2002)}
}

@inproceedings{DBLP:conf/popl/Solomon78,
  author       = {Marvin H. Solomon},
  editor       = {Alfred V. Aho and
                  Stephen N. Zilles and
                  Thomas G. Szymanski},
  title        = {Type Definitions with Parameters},
  booktitle    = {Conference Record of the Fifth Annual {ACM} Symposium on Principles
                  of Programming Languages, Tucson, Arizona, USA, January 1978},
  pages        = {31--38},
  publisher    = {{ACM} Press},
  year         = {1978},
  url          = {https://doi.org/10.1145/512760.512765},
  doi          = {10.1145/512760.512765},
  timestamp    = {Tue, 06 Nov 2018 11:07:43 +0100},
  biburl       = {https://dblp.org/rec/conf/popl/Solomon78.bib},
  bibsource    = {dblp computer science bibliography, https://dblp.org}
}
//--------------------------------------
@inproceedings{DBLP:conf/popl/CaiGO16,
  author       = {Yufei Cai and
                  Paolo G. Giarrusso and
                  Klaus Ostermann},
  editor       = {Rastislav Bod{\'{\i}}k and
                  Rupak Majumdar},
  title        = {System {F}-omega with equirecursive types for datatype-generic programming},
  booktitle    = {Proceedings of the 43rd Annual {ACM} {SIGPLAN-SIGACT} Symposium on
                  Principles of Programming Languages, {POPL} 2016, St. Petersburg,
                  FL, USA, January 20 - 22, 2016},
  pages        = {30--43},
  publisher    = {{ACM}},
  year         = {2016},
  url          = {https://doi.org/10.1145/2837614.2837660},
  doi          = {10.1145/2837614.2837660},
  timestamp    = {Wed, 23 Jun 2021 15:34:31 +0200},
  biburl       = {https://dblp.org/rec/conf/popl/CaiGO16.bib},
  bibsource    = {dblp computer science bibliography, https://dblp.org}
}

//---------
@inproceedings{ThiemannV16,
  author       = {Peter Thiemann and
                  Vasco T. Vasconcelos},
  editor       = {Jacques Garrigue and
                  Gabriele Keller and
                  Eijiro Sumii},
  title        = {Context-free session types},
  booktitle    = {Proceedings of the 21st {ACM} {SIGPLAN} International Conference on
                  Functional Programming, {ICFP} 2016, Nara, Japan, September 18-22,
                  2016},
  pages        = {462--475},
  publisher    = {{ACM}},
  year         = {2016},
  url          = {https://doi.org/10.1145/2951913.2951926},
  doi          = {10.1145/2951913.2951926},
  timestamp    = {Wed, 23 Jun 2021 15:34:31 +0200},
  biburl       = {https://dblp.org/rec/conf/icfp/ThiemannV16.bib},
  bibsource    = {dblp computer science bibliography, https://dblp.org}
}
//-------
@inproceedings{DBLP:conf/icalp/Senizergues97,
  author       = {G{\'{e}}raud S{\'{e}}nizergues},
  editor       = {Pierpaolo Degano and
                  Roberto Gorrieri and
                  Alberto Marchetti{-}Spaccamela},
  title        = {The Equivalence Problem for Deterministic Pushdown Automata is Decidable},
  booktitle    = {Automata, Languages and Programming, 24th International Colloquium,
                  ICALP'97, Bologna, Italy, 7-11 July 1997, Proceedings},
  series       = {Lecture Notes in Computer Science},
  volume       = {1256},
  pages        = {671--681},
  publisher    = {Springer},
  year         = {1997},
  url          = {https://doi.org/10.1007/3-540-63165-8\_221},
  doi          = {10.1007/3-540-63165-8\_221},
  timestamp    = {Tue, 14 May 2019 10:00:44 +0200},
  biburl       = {https://dblp.org/rec/conf/icalp/Senizergues97.bib},
  bibsource    = {dblp computer science bibliography, https://dblp.org}
}
//---------
@inproceedings{DBLP:journals/corr/abs-2004-01322,
  author       = {Simon J. Gay and
                  Peter Thiemann and
                  Vasco T. Vasconcelos},
  editor       = {Stephanie Balzer and
                  Luca Padovani},
  title        = {Duality of Session Types: The Final Cut},
  booktitle    = {Proceedings of the 12th International Workshop on Programming Language
                  Approaches to Concurrency- and Communication-cEntric Software, PLACES@ETAPS
                  2020, Dublin, Ireland, 26th April 2020},
  series       = {{EPTCS}},
  volume       = {314},
  pages        = {23--33},
  year         = {2020},
  url          = {https://doi.org/10.4204/EPTCS.314.3},
  doi          = {10.4204/EPTCS.314.3},
  timestamp    = {Fri, 08 May 2020 16:00:57 +0200},
  biburl       = {https://dblp.org/rec/journals/corr/abs-2004-01322.bib},
  bibsource    = {dblp computer science bibliography, https://dblp.org}
}
//----
@inproceedings{KorenjakH66,
  author       = {A. J. Korenjak and
                  John E. Hopcroft},
  title        = {Simple Deterministic Languages},
  booktitle    = {7th Annual Symposium on Switching and Automata Theory, Berkeley, California,
                  USA, October 23-25, 1966},
  pages        = {36--46},
  publisher    = {{IEEE} Computer Society},
  year         = {1966},
  url          = {https://doi.org/10.1109/SWAT.1966.22},
  doi          = {10.1109/SWAT.1966.22},
  timestamp    = {Thu, 23 Mar 2023 23:57:54 +0100},
  biburl       = {https://dblp.org/rec/conf/focs/KorenjakH66.bib},
  bibsource    = {dblp computer science bibliography, https://dblp.org}
}
//---
@inproceedings{TakeuchiHK94,
  author       = {Kaku Takeuchi and
                  Kohei Honda and
                  Makoto Kubo},
  editor       = {Constantine Halatsis and
                  Dimitris G. Maritsas and
                  George Philokyprou and
                  Sergios Theodoridis},
  title        = {An Interaction-based Language and its Typing System},
  booktitle    = {{PARLE} '94: Parallel Architectures and Languages Europe, 6th International
                  {PARLE} Conference, Athens, Greece, July 4-8, 1994, Proceedings},
  series       = {Lecture Notes in Computer Science},
  volume       = {817},
  pages        = {398--413},
  publisher    = {Springer},
  year         = {1994},
  url          = {https://doi.org/10.1007/3-540-58184-7\_118},
  doi          = {10.1007/3-540-58184-7\_118},
  timestamp    = {Sun, 15 Jan 2023 14:34:35 +0100},
  biburl       = {https://dblp.org/rec/conf/parle/TakeuchiHK94.bib},
  bibsource    = {dblp computer science bibliography, https://dblp.org}
}

//------
@inproceedings{GauthierP04,
  author       = {Nadji Gauthier and
                  Fran{\c{c}}ois Pottier},
  editor       = {Chris Okasaki and
                  Kathleen Fisher},
  title        = {Numbering matters: first-order canonical forms for second-order recursive
                  types},
  booktitle    = {Proceedings of the Ninth {ACM} {SIGPLAN} International Conference
                  on Functional Programming, {ICFP} 2004, Snow Bird, UT, USA, September
                  19-21, 2004},
  pages        = {150--161},
  publisher    = {{ACM}},
  year         = {2004},
  url          = {https://doi.org/10.1145/1016850.1016872},
  doi          = {10.1145/1016850.1016872},
  timestamp    = {Fri, 25 Jun 2021 14:48:54 +0200},
  biburl       = {https://dblp.org/rec/conf/icfp/GauthierP04.bib},
  bibsource    = {dblp computer science bibliography, https://dblp.org}
}
//------
@article{Church1936AnUP,
  title={An Unsolvable Problem of Elementary Number Theory},
  author={Alonzo Church},
  journal={American Journal of Mathematics},
  year={1936},
  volume={58},
  pages={345},
  url={https://api.semanticscholar.org/CorpusID:14181275}
}
//----------
@article{DBLP:journals/corr/abs-2106-06658,
  author       = {Bernardo Almeida and
                  Andreia Mordido and
                  Peter Thiemann and
                  Vasco T. Vasconcelos},
  title        = {Polymorphic Context-free Session Types},
  journal      = {CoRR},
  volume       = {abs/2106.06658},
  year         = {2021},
  url          = {https://arxiv.org/abs/2106.06658},
  eprinttype    = {arXiv},
  eprint       = {2106.06658},
  timestamp    = {Tue, 15 Jun 2021 16:35:15 +0200},
  biburl       = {https://dblp.org/rec/journals/corr/abs-2106-06658.bib},
  bibsource    = {dblp computer science bibliography, https://dblp.org}
}
//-----------
@article{DBLP:journals/iandc/Vasconcelos12,
  author       = {Vasco T. Vasconcelos},
  title        = {Fundamentals of session types},
  journal      = {Inf. Comput.},
  volume       = {217},
  pages        = {52--70},
  year         = {2012},
  url          = {https://doi.org/10.1016/j.ic.2012.05.002},
  doi          = {10.1016/J.IC.2012.05.002},
  timestamp    = {Fri, 12 Feb 2021 22:15:42 +0100},
  biburl       = {https://dblp.org/rec/journals/iandc/Vasconcelos12.bib},
  bibsource    = {dblp computer science bibliography, https://dblp.org}
}
//--------
@inproceedings{PocasCMV23,
  author       = {Diogo Po{\c{c}}as and
                  Diana Costa and
                  Andreia Mordido and
                  Vasco T. Vasconcelos},
  editor       = {Thomas Wies},
  title        = {System F\({}^{\mbox{{\(\mu\)}}}\) \({}_{\mbox{{\o}mega}}\) with Context-free
                  Session Types},
  booktitle    = {Programming Languages and Systems - 32nd European Symposium on Programming,
                  {ESOP} 2023, Held as Part of the European Joint Conferences on Theory
                  and Practice of Software, {ETAPS} 2023, Paris, France, April 22-27,
                  2023, Proceedings},
  series       = {Lecture Notes in Computer Science},
  volume       = {13990},
  pages        = {392--420},
  publisher    = {Springer},
  year         = {2023},
  url          = {https://doi.org/10.1007/978-3-031-30044-8\_15},
  doi          = {10.1007/978-3-031-30044-8\_15},
  timestamp    = {Wed, 17 May 2023 21:55:33 +0200},
  biburl       = {https://dblp.org/rec/conf/esop/PocasCMV23.bib},
  bibsource    = {dblp computer science bibliography, https://dblp.org}
}
//-----
@book{lambda,
  author       = {Hendrik Pieter Barendregt},
  title        = {The lambda calculus - its syntax and semantics},
  series       = {Studies in logic and the foundations of mathematics},
  volume       = {103},
  publisher    = {North-Holland},
  year         = {1985},
  isbn         = {978-0-444-86748-3},
  timestamp    = {Fri, 28 Jun 2019 12:45:52 +0200},
  biburl       = {https://dblp.org/rec/books/daglib/0067558.bib},
  bibsource    = {dblp computer science bibliography, https://dblp.org}
}
//----
@incollection{typefreelambda,
  author    = {Henk P. Barendregt},
  title     = {The Type-Free Lambda Calculus},
  booktitle = {Studies in Logic and the Foundations of Mathematics},
  volume    = {90},
  pages     = {1091--1132},
  publisher = {Elsevier},
  year      = {1977},
}
//-------
@inproceedings{DBLP:conf/icfp/ClaessenH00,
  author       = {Koen Claessen and
                  John Hughes},
  editor       = {Martin Odersky and
                  Philip Wadler},
  title        = {QuickCheck: a lightweight tool for random testing of {H}askell programs},
  booktitle    = {Proceedings of the Fifth {ACM} {SIGPLAN} International Conference
                  on Functional Programming {(ICFP} '00), Montreal, Canada, September
                  18-21, 2000},
  pages        = {268--279},
  publisher    = {{ACM}},
  year         = {2000},
  url          = {https://doi.org/10.1145/351240.351266},
  doi          = {10.1145/351240.351266},
  timestamp    = {Wed, 02 Mar 2022 21:39:33 +0100},
  biburl       = {https://dblp.org/rec/conf/icfp/ClaessenH00.bib},
  bibsource    = {dblp computer science bibliography, https://dblp.org}
}
//-----------
@inproceedings{DBLP:conf/programm/Reynolds74,
  author       = {John C. Reynolds},
  editor       = {Bernard J. Robinet},
  title        = {Towards a theory of type structure},
  booktitle    = {Programming Symposium, Proceedings Colloque sur la Programmation,
                  Paris, France, April 9-11, 1974},
  series       = {Lecture Notes in Computer Science},
  volume       = {19},
  pages        = {408--423},
  publisher    = {Springer},
  year         = {1974},
  url          = {https://doi.org/10.1007/3-540-06859-7\_148},
  doi          = {10.1007/3-540-06859-7\_148},
  timestamp    = {Thu, 24 Feb 2022 13:41:39 +0100},
  biburl       = {https://dblp.org/rec/conf/programm/Reynolds74.bib},
  bibsource    = {dblp computer science bibliography, https://dblp.org}
}
//-------
@inproceedings{AlmeidaMV20,
  author       = {Bernardo Almeida and
                  Andreia Mordido and
                  Vasco T. Vasconcelos},
  editor       = {Armin Biere and
                  David Parker},
  title        = {Deciding the Bisimilarity of Context-Free Session Types},
  booktitle    = {Tools and Algorithms for the Construction and Analysis of Systems
                  - 26th International Conference, {TACAS} 2020, Held as Part of the
                  European Joint Conferences on Theory and Practice of Software, {ETAPS}
                  2020, Dublin, Ireland, April 25-30, 2020, Proceedings, Part {II}},
  series       = {Lecture Notes in Computer Science},
  volume       = {12079},
  pages        = {39--56},
  publisher    = {Springer},
  year         = {2020},
  url          = {https://doi.org/10.1007/978-3-030-45237-7\_3},
  doi          = {10.1007/978-3-030-45237-7\_3},
  timestamp    = {Fri, 14 May 2021 08:34:19 +0200},
  biburl       = {https://dblp.org/rec/conf/tacas/AlmeidaMV20.bib},
  bibsource    = {dblp computer science bibliography, https://dblp.org}
}
//-------
@article{BaetenBK93,
  author       = {Jos C. M. Baeten and
                  Jan A. Bergstra and
                  Jan Willem Klop},
  title        = {Decidability of Bisimulation Equivalence for Processes Generating
                  Context-Free Languages},
  journal      = {J. {ACM}},
  volume       = {40},
  number       = {3},
  pages        = {653--682},
  year         = {1993},
  url          = {https://doi.org/10.1145/174130.174141},
  doi          = {10.1145/174130.174141},
  timestamp    = {Tue, 06 Nov 2018 12:51:44 +0100},
  biburl       = {https://dblp.org/rec/journals/jacm/BaetenBK93.bib},
  bibsource    = {dblp computer science bibliography, https://dblp.org}
}
//--------
@article{DBLP:journals/toplas/Padovani19,
  author       = {Luca Padovani},
  title        = {Context-Free Session Type Inference},
  journal      = {{ACM} Trans. Program. Lang. Syst.},
  volume       = {41},
  number       = {2},
  pages        = {9:1--9:37},
  year         = {2019},
  url          = {https://doi.org/10.1145/3229062},
  doi          = {10.1145/3229062},
  timestamp    = {Sat, 08 Jan 2022 02:22:56 +0100},
  biburl       = {https://dblp.org/rec/journals/toplas/Padovani19.bib},
  bibsource    = {dblp computer science bibliography, https://dblp.org}
}
//---------
@inproceedings{DBLP:conf/esop/HondaVK98,
  author       = {Kohei Honda and
                  Vasco Thudichum Vasconcelos and
                  Makoto Kubo},
  editor       = {Chris Hankin},
  title        = {Language Primitives and Type Discipline for Structured Communication-Based
                  Programming},
  booktitle    = {Programming Languages and Systems - ESOP'98, 7th European Symposium
                  on Programming, Held as Part of the European Joint Conferences on
                  the Theory and Practice of Software, ETAPS'98, Lisbon, Portugal, March
                  28 - April 4, 1998, Proceedings},
  series       = {Lecture Notes in Computer Science},
  volume       = {1381},
  pages        = {122--138},
  publisher    = {Springer},
  year         = {1998},
  url          = {https://doi.org/10.1007/BFb0053567},
  doi          = {10.1007/BFB0053567},
  timestamp    = {Sun, 15 Jan 2023 14:36:02 +0100},
  biburl       = {https://dblp.org/rec/conf/esop/HondaVK98.bib},
  bibsource    = {dblp computer science bibliography, https://dblp.org}
}
//----------
@article{DBLP:journals/acta/GayH05,
  author       = {Simon J. Gay and
                  Malcolm Hole},
  title        = {Subtyping for session types in the pi calculus},
  journal      = {Acta Informatica},
  volume       = {42},
  number       = {2-3},
  pages        = {191--225},
  year         = {2005},
  url          = {https://doi.org/10.1007/s00236-005-0177-z},
  doi          = {10.1007/S00236-005-0177-Z},
  timestamp    = {Sun, 21 Jun 2020 17:38:03 +0200},
  biburl       = {https://dblp.org/rec/journals/acta/GayH05.bib},
  bibsource    = {dblp computer science bibliography, https://dblp.org}
}
//-----
@book{Sangiorgi_2011, place={Cambridge}, title={Introduction to Bisimulation and Coinduction}, publisher={Cambridge University Press}, author={Sangiorgi, Davide}, year={2011}} <div></div>
//----
@article{AutebertG84,
  author       = {Jean{-}Michel Autebert and
                  Luc Boasson and
                  Joaquim Gabarr{\'{o}}},
  title        = {Context-free grammars in {G}reibach normal forms},
  journal      = {Bull. {EATCS}},
  volume       = {24},
  pages        = {44--47},
  year         = {1984},
  timestamp    = {Thu, 18 Jun 2020 22:07:19 +0200},
  biburl       = {https://dblp.org/rec/journals/eatcs/AutebertG84.bib},
  bibsource    = {dblp computer science bibliography, https://dblp.org}
}
///---------
@inproceedings{CzerwinskiL10,
  author       = {Wojciech Czerwinski and
                  Slawomir Lasota},
  editor       = {Kamal Lodaya and
                  Meena Mahajan},
  title        = {Fast equivalence-checking for normed context-free processes},
  booktitle    = {{IARCS} Annual Conference on Foundations of Software Technology and
                  Theoretical Computer Science, {FSTTCS} 2010, December 15-18, 2010,
                  Chennai, India},
  series       = {LIPIcs},
  volume       = {8},
  pages        = {260--271},
  publisher    = {Schloss Dagstuhl - Leibniz-Zentrum f{\"{u}}r Informatik},
  year         = {2010},
  url          = {https://doi.org/10.4230/LIPIcs.FSTTCS.2010.260},
  doi          = {10.4230/LIPICS.FSTTCS.2010.260},
  timestamp    = {Tue, 11 Feb 2020 15:52:14 +0100},
  biburl       = {https://dblp.org/rec/conf/fsttcs/CzerwinskiL10.bib},
  bibsource    = {dblp computer science bibliography, https://dblp.org}
}
//------
@inproceedings{Puntigam99,
  author       = {Franz Puntigam},
  editor       = {Patrick Amestoy and
                  Philippe Berger and
                  Michel J. Dayd{\'{e}} and
                  Iain S. Duff and
                  Val{\'{e}}rie Frayss{\'{e}} and
                  Luc Giraud and
                  Daniel Ruiz},
  title        = {Non-regular Process Types},
  booktitle    = {Euro-Par '99 Parallel Processing, 5th International Euro-Par Conference,
                  Toulouse, France, August 31 - September 3, 1999, Proceedings},
  series       = {Lecture Notes in Computer Science},
  volume       = {1685},
  pages        = {1334--1343},
  publisher    = {Springer},
  year         = {1999},
  url          = {https://doi.org/10.1007/3-540-48311-X\_189},
  doi          = {10.1007/3-540-48311-X\_189},
  timestamp    = {Tue, 04 Jun 2019 14:36:07 +0200},
  biburl       = {https://dblp.org/rec/conf/europar/Puntigam99.bib},
  bibsource    = {dblp computer science bibliography, https://dblp.org}
}
//------
@InProceedings{RavaraV97,
author="Ravara, Ant{\'o}nio
and Vasconcelos, Vasco",
editor="Lengauer, Christian
and Griebl, Martin
and Gorlatch, Sergei",
title="Behavioural types for a calculus of concurrent objects",
booktitle="Euro-Par'97 Parallel Processing",
year="1997",
publisher="Springer Berlin Heidelberg",
address="Berlin, Heidelberg",
pages="554--561",
abstract="We present a new type system for TyCO, a name-passing calculus of concurrent objects. The system captures dynamic aspects of objects' behaviours, namely non-uniform service availability of active objects. The notion of processes without errors is loosened, demanding only weak fairness in the treatment of messages.",
isbn="978-3-540-69549-3"
}
//-------
@inproceedings{freest,
  author       = {Bernardo Almeida and
                  Andreia Mordido and
                  Vasco T. Vasconcelos},
  editor       = {Francisco Martins and
                  Dominic Orchard},
  title        = {FreeST: Context-free Session Types in a Functional Language},
  booktitle    = {Proceedings Programming Language Approaches to Concurrency- and Communication-cEntric
                  Software, PLACES@ETAPS 2019, Prague, Czech Republic, 7th April 2019},
  series       = {{EPTCS}},
  volume       = {291},
  pages        = {12--23},
  year         = {2019},
  url          = {https://doi.org/10.4204/EPTCS.291.2},
  doi          = {10.4204/EPTCS.291.2},
  timestamp    = {Sat, 19 Oct 2019 19:22:56 +0200},
  biburl       = {https://dblp.org/rec/journals/corr/abs-1904-01284.bib},
  bibsource    = {dblp computer science bibliography, https://dblp.org}
}
//------
@article{AlmeidaMTV22,
  author       = {Bernardo Almeida and
                  Andreia Mordido and
                  Peter Thiemann and
                  Vasco T. Vasconcelos},
  title        = {Polymorphic lambda calculus with context-free session types},
  journal      = {Inf. Comput.},
  volume       = {289},
  number       = {Part},
  pages        = {104948},
  year         = {2022},
  url          = {https://doi.org/10.1016/j.ic.2022.104948},
  doi          = {10.1016/J.IC.2022.104948},
  timestamp    = {Mon, 28 Aug 2023 21:32:30 +0200},
  biburl       = {https://dblp.org/rec/journals/iandc/AlmeidaMTV22.bib},
  bibsource    = {dblp computer science bibliography, https://dblp.org}
}
//--------
@article{henriques2019triclustering,
  title={Triclustering algorithms for three-dimensional data analysis: A comprehensive survey},
  author={Henriques, Rui and Madeira, Sara C},
  journal={ACM Computing Surveys (CSUR)},
  volume={51},
  number={5},
  pages={95},
  year={2019},
  publisher={ACM}
}

//-----
@inproceedings{Honda93,
  author       = {Kohei Honda},
  editor       = {Eike Best},
  title        = {Types for Dyadic Interaction},
  booktitle    = {{CONCUR} '93, 4th International Conference on Concurrency Theory,
                  Hildesheim, Germany, August 23-26, 1993, Proceedings},
  series       = {Lecture Notes in Computer Science},
  volume       = {715},
  pages        = {509--523},
  publisher    = {Springer},
  year         = {1993},
  url          = {https://doi.org/10.1007/3-540-57208-2\_35},
  doi          = {10.1007/3-540-57208-2\_35},
  timestamp    = {Sun, 15 Jan 2023 14:34:35 +0100},
  biburl       = {https://dblp.org/rec/conf/concur/Honda93.bib},
  bibsource    = {dblp computer science bibliography, https://dblp.org}
}
//---------
@inproceedings{HondaVK98,
  author       = {Kohei Honda and
                  Vasco Thudichum Vasconcelos and
                  Makoto Kubo},
  editor       = {Chris Hankin},
  title        = {Language Primitives and Type Discipline for Structured Communication-Based
                  Programming},
  booktitle    = {Programming Languages and Systems - ESOP'98, 7th European Symposium
                  on Programming, Held as Part of the European Joint Conferences on
                  the Theory and Practice of Software, ETAPS'98, Lisbon, Portugal, March
                  28 - April 4, 1998, Proceedings},
  series       = {Lecture Notes in Computer Science},
  volume       = {1381},
  pages        = {122--138},
  publisher    = {Springer},
  year         = {1998},
  url          = {https://doi.org/10.1007/BFb0053567},
  doi          = {10.1007/BFB0053567},
  timestamp    = {Sun, 15 Jan 2023 14:36:02 +0100},
  biburl       = {https://dblp.org/rec/conf/esop/HondaVK98.bib},
  bibsource    = {dblp computer science bibliography, https://dblp.org}
}
//-----

